<?xml version="1.0" encoding="UTF-8"?><record xmlns="http://www.loc.gov/MARC21/slim" xmlns:cinclude="http://apache.org/cocoon/include/1.0" xmlns:zs="http://www.loc.gov/zing/srw/">
  <leader>00567nz  a2200157n  4500</leader>
  <controlfield tag="001">nb2011017906</controlfield>
  <controlfield tag="003">DLC</controlfield>
  <controlfield tag="005">20110713075028.0</controlfield>
  <controlfield tag="008">110711n| acannaabn          |a ana      </controlfield>
  <datafield tag="010" ind1=" " ind2=" ">
    <subfield code="a">nb2011017906</subfield>
  </datafield>
  <datafield tag="035" ind1=" " ind2=" ">
    <subfield code="a">(Uk)008193655</subfield>
  </datafield>
  <datafield tag="040" ind1=" " ind2=" ">
    <subfield code="a">Uk</subfield>
    <subfield code="b">eng</subfield>
    <subfield code="c">Uk</subfield>
  </datafield>
  <datafield tag="110" ind1="1" ind2=" ">
    <subfield code="a">Italy.</subfield>
    <subfield code="b">Divisione agricoltura</subfield>
  </datafield>
  <datafield tag="410" ind1="1" ind2=" ">
    <subfield code="a">Italy.</subfield>
    <subfield code="b">agricoltura, Divisione</subfield>
  </datafield>
  <datafield tag="410" ind1="1" ind2=" ">
    <subfield code="a">Italy.</subfield>
    <subfield code="b">Ministero di agricoltura, industria e commercio.</subfield>
    <subfield code="b">Divisione agricoltura</subfield>
  </datafield>
  <datafield tag="670" ind1=" " ind2=" ">
    <subfield code="a">Notizie e studi sull'agricoltura (1876), 1877:</subfield>
    <subfield code="b">t.p. (Ministero di agricoltura, industria e commercio, Divisione agricoltura)</subfield>
  </datafield>
</record>